<?xml version="1.0" encoding="UTF-8"?><collection xmlns="http://www.loc.gov/MARC21/slim"><record><leader>00376nam--2200133-i-4500</leader><controlfield tag="001">000045709</controlfield><controlfield tag="002">20161230</controlfield><controlfield tag="005">20161230201045</controlfield><controlfield tag="008">060222s1000------------r-----000-0-eng-d</controlfield><datafield ind1=" " ind2=" " tag="080"><subfield code="a">54-161.6(043)</subfield></datafield><datafield ind1=" " ind2=" " tag="100"><subfield code="a">Tronc,Pierre</subfield></datafield><datafield ind1=" " ind2=" " tag="245"><subfield code="a">Contribution a l`etude des verres gex se1-x. proprietes optiques et ordre local. these</subfield></datafield><datafield ind1=" " ind2=" " tag="260"><subfield code="a">Paris, L`Univ.,1974. 177 P</subfield></datafield><datafield ind1=" " ind2=" " tag="852"><subfield code="a">77294</subfield></datafield></record></collection>